@entry{api,
  name        = {API},
  description = {Application Programming Interface}
}
@entry{AUV,
  name        = {AUV},
  description = {autonomous underwater vehicle}
}
@entry{cv,
  name        = {CV},
  description = {Computer Vision}
}
@entry{dof,
  name        = {DoF},
  description = {degrees of freedom}
}
@entry{fps,
  name        = {FPS},
  description = {Frames Per Second}
}
@entry{g,
  name        = {\ensuremath{g}},
  description = {gravitational acceleration, \ensuremath{9.8 m/s^2} used}
}
@entry{gan,
  name        = {GAN},
  description = {Generative Adversarial Networks}
}
@entry{gui,
  name        = {GUI},
  description = {Graphical User Interface}
}
@entry{hd,
  name        = {\ensuremath{h_d}},
  description = {depth of the AUV}
}
@entry{iauv,
  name        = {I-AUV},
  description = {intervention AUV}
}
@entry{imu,
  name        = {IMU},
  description = {Inertial Measurement Unit}
}
@entry{OBSS,
  name        = {OBSS},
  description = {opposite-bending-and-stretching structure}
}
@entry{pid,
  name        = {PID},
  description = {Proportional-Integral-Derivative}
}
@entry{pitch,
  name        = {\ensuremath{\alpha}},
  description = {pitch angle of the AUV}
}
@entry{pmma,
  name        = {PMMA},
  description = {Poly(methyl methacrylate), also known as acrylic}
}
@entry{pwm,
  name        = {PWM},
  description = {Pulse Width Modulation}
}
@entry{rhoe,
  name        = {\ensuremath{{\rho}_e}},
  description = {submarine environment density, \ensuremath{1025 kg/m^3} used}
}
@entry{roi,
  name        = {ROI},
  description = {Region of Interest}
}
@entry{roll,
  name        = {\ensuremath{\beta}},
  description = {roll angle of the AUV}
}
@entry{rov,
  name        = {ROV},
  description = {remotely operated vehicle}
}
@entry{rtsp,
  name        = {RTSP},
  description = {real time streaming protocol}
}
@entry{sgbm,
  name        = {SGBM},
  description = {Semi-Global Block Matching}
}
@entry{ssd,
  name        = {SSD},
  description = {Single-Shot Detector}
}
@entry{tcp,
  name        = {TCP},
  description = {Transmission Control Protocol}
}
@entry{theta1,
  name        = {\ensuremath{\theta_1}},
  description = {curvature angle of the upper bending segment}
}
@entry{theta2,
  name        = {\ensuremath{\theta_2}},
  description = {curvature angle of the lower bending segment}
}
@entry{yaw,
  name        = {\ensuremath{\gamma}},
  description = {yaw angle of the AUV}
}