@inproceedings{6003619,
  author    = {M. {Prats} and J. C. {Garcia} and J. J. {Fernandez} and R. {Marin} and P. J. {Sanz}},
  booktitle = {OCEANS 2011 IEEE - Spain},
  title     = {Advances in the specification and execution of underwater autonomous manipulation tasks},
  year      = {2011},
  volume    = {},
  number    = {},
  pages     = {1-5},
  doi       = {10.1109/Oceans-Spain.2011.6003619}
}
@article{aastrom2004revisiting,
  title     = {Revisiting the Ziegler--Nichols step response method for PID control},
  author    = {{\AA}str{\"o}m, Karl Johan and H{\"a}gglund, Tore},
  journal   = {Journal of process control},
  volume    = {14},
  number    = {6},
  pages     = {635--650},
  year      = {2004},
  publisher = {Elsevier}
}
@inproceedings{barbualatua2014dynamic,
  title        = {Dynamic coupling and control issues for a lightweight underwater vehicle manipulator system},
  author       = {Barb{\u{a}}lat{\u{a}}, Corina and Dunnigan, Matthew W and P{\'e}tillot, Yvan},
  booktitle    = {2014 Oceans-St. John's},
  pages        = {1--6},
  year         = {2014},
  organization = {IEEE}
}
@article{barratt2002decompression,
  title     = {Decompression illness in divers: a review of the literature},
  author    = {Barratt, Diana Marie and Harch, Paul G and Van Meter, Keith},
  journal   = {The Neurologist},
  volume    = {8},
  number    = {3},
  pages     = {186--202},
  year      = {2002},
  publisher = {LWW}
}
@online{cc,
  title   = {Your GPU Compute Capability},
  author  = {NVIDIA Corp.},
  year    = {2021},
  url     = {https://developer.nvidia.com/cuda-gpus#compute},
  urldate = {2021-04-22}
}
@article{chen2019temporally,
  title     = {Temporally identity-aware SSD with attentional LSTM},
  author    = {Chen, Xingyu and Yu, Junzhi and Wu, Zhengxing},
  journal   = {IEEE transactions on cybernetics},
  volume    = {50},
  number    = {6},
  pages     = {2674--2686},
  year      = {2019},
  publisher = {IEEE}
}
@article{chen2019towards,
  title     = {Towards real-time advancement of underwater visual quality with GAN},
  author    = {Chen, Xingyu and Yu, Junzhi and Kong, Shihan and Wu, Zhengxing and Fang, Xi and Wen, Li},
  journal   = {IEEE Transactions on Industrial Electronics},
  volume    = {66},
  number    = {12},
  pages     = {9350--9359},
  year      = {2019},
  publisher = {IEEE}
}
@online{divervd,
  title   = {Careers in Diving - Sea Urchin Diving - Interview with diver Chris Nelson},
  author  = {MrAquaImage},
  url     = {https://www.youtube.com/watch?v=0cqX-03fXoc},
  year    = {2013},
  urldate = {2021-04-18}
}
@article{garrido2016generation,
  title     = {Generation of fiducial marker dictionaries using mixed integer linear programming},
  author    = {Garrido-Jurado, Sergio and Munoz-Salinas, Rafael and Madrid-Cuevas, Francisco Jos{\'e} and Medina-Carnicer, Rafael},
  journal   = {Pattern Recognition},
  volume    = {51},
  pages     = {481--491},
  year      = {2016},
  publisher = {Elsevier}
}
@article{gong2021soft,
  title     = {A soft manipulator for efficient delicate grasping in shallow water: Modeling, control, and real-world experiments},
  author    = {Gong, Zheyuan and Fang, Xi and Chen, Xingyu and Cheng, Jiahui and Xie, Zhexin and Liu, Jiaqi and Chen, Bohan and Yang, Hui and Kong, Shihan and Hao, Yufei and others},
  journal   = {The International Journal of Robotics Research},
  volume    = {40},
  number    = {1},
  pages     = {449--469},
  year      = {2021},
  publisher = {SAGE Publications Sage UK: London, England}
}
@online{hpz,
  title   = {"Haipengzi" on Xiaochangshan island},
  author  = {CCTV},
  url     = {https://tv.cctv.com/2014/01/17/VIDE1409105554118179.shtml},
  year    = {2014},
  urldate = {2021-04-18}
}
@article{james2012test,
  title     = {Test of ROV-based harvesting methods for sea urchins and scallops. Part one: Report on Sea Urchin (Kr{\aa}kebolle) collection trial},
  author    = {James, Philip and Siikavuopio, Sten Ivar},
  journal   = {Nofima rapportserie},
  year      = {2012},
  publisher = {Nofima AS}
}
@misc{jetson,
  author  = {NVIDIA Corp.},
  title   = {Jetson AGX Xavier},
  url     = {https://developer.nvidia.com/embedded/jetson-agx-xavier-developer-kit},
  version = {P2888-0001 module, P2822-0000 carrier board}
}
@incollection{marani2014introduction,
  title     = {Introduction to autonomous manipulation},
  author    = {Marani, Giacomo and Yuh, Junku},
  booktitle = {Case Study with an Underwater Robot SAUVIM, volume 102 of Springer Tracts in Advanced Robotics},
  year      = {2014},
  publisher = {Springer}
}
@article{qin2019distributed,
  title     = {Distributed finite-time fault-tolerant containment control for multiple ocean bottom flying node systems with error constraints},
  author    = {Qin, Hongde and Chen, Hui and Sun, Yanchao and Chen, Liangliang},
  journal   = {Ocean Engineering},
  volume    = {189},
  pages     = {106341},
  year      = {2019},
  publisher = {Elsevier}
}
@article{ribas2015auv,
  title     = {I-AUV mechatronics integration for the TRIDENT FP7 project},
  author    = {Ribas, David and Ridao, Pere and Turetta, Alessio and Melchiorri, Claudio and Palli, Gianluca and Fern{\'a}ndez, Jos{\'e} Javier and Sanz, Pedro Jos{\'e}},
  journal   = {IEEE/ASME Transactions on Mechatronics},
  volume    = {20},
  number    = {5},
  pages     = {2583--2592},
  year      = {2015},
  publisher = {IEEE}
}
@article{romero2018speeded,
  title     = {Speeded up detection of squared fiducial markers},
  author    = {Romero-Ramirez, Francisco J and Mu{\~n}oz-Salinas, Rafael and Medina-Carnicer, Rafael},
  journal   = {Image and vision Computing},
  volume    = {76},
  pages     = {38--47},
  year      = {2018},
  publisher = {Elsevier}
}
@misc{stm32,
  author = {ALIENTEK},
  title  = {STM32f407},
  url    = {http://www.alientek.com/}
}
@misc{zed,
  author = {Stereolabs Inc.},
  title  = {ZED},
  url    = {https://www.stereolabs.com/zed/}
}
@article{zhang2012vision,
  title     = {Vision-based system of AUV for an underwater pipeline tracker},
  author    = {Zhang, Tie-dong and Zeng, Wen-jing and Wan, Lei and Qin, Zai-bai},
  journal   = {China Ocean Engineering},
  volume    = {26},
  number    = {3},
  pages     = {547--554},
  year      = {2012},
  publisher = {Springer}
}